<?xml version="1.0" encoding="UTF-8"?><collection xmlns="http://www.loc.gov/MARC21/slim"><record><leader>00385nam--2200133-i-4500</leader><controlfield tag="001">000050062</controlfield><controlfield tag="002">20161230</controlfield><controlfield tag="005">20161230201048</controlfield><controlfield tag="008">060222s1000------------r-----000-0-eng-d</controlfield><datafield ind1=" " ind2=" " tag="080"><subfield code="a">539.166.2</subfield></datafield><datafield ind1=" " ind2=" " tag="100"><subfield code="a">Band, I.M., Listengarten, M.A., I Feresin, A.P</subfield></datafield><datafield ind1=" " ind2=" " tag="245"><subfield code="a">Anomalii v koefficientah vnutrennei konversii gamma-luchei</subfield></datafield><datafield ind1=" " ind2=" " tag="260"><subfield code="a">Leningrad, Izd. Nauka, 1976, 172s</subfield></datafield><datafield ind1=" " ind2=" " tag="852"><subfield code="a">45008</subfield></datafield></record></collection>